@article{winer,
  author  = {Russell S. Winer}, 
  title   = {A Reference Price Model of Brand Choice for Frequently Purchased Products},
  journal = {Journal of Consumer Research},
  year    = 1986,
  number  = 2,
  pages   = {250-256},
  month   = 9,
  volume  = 13
}

@article{putler,
  author  = {Daniel S. Putler}, 
  title   = {Incorporating Reference Price Effects into a Theory of Consumer Choice},
  journal = {Marketing Science},
  year    = 1992,
  number  = 3,
  pages   = {287-309},
  month   = 7,
  volume  = 11
}

@article{cui,
  author  = {Tony Haitao Cui {,} Jagmohan S. Raju {,} Z. John Zhang}, 
  title   = {A Price Discrimination Model of Trade Promotions},
  journal = {Marketing Science},
  year    = 2008,
  number  = 5,
  pages   = {779-795},
  month   = 9,
  volume  = 27
}


@article{krishnamurthi,
  author  = {Lakshman Krishnamurthi {,} S. P. Raj}, 
  title   = {An Empirical Analysis of the Relationship between Brand Loyalty and Consumer Price Elasticity},
  journal = {Marketing Science},
  year    = 1991,
  number  = 2,
  pages   = {172-183},
  month   = 3,
  volume  = 10
}

@article{fibich,
  author  = {Gadi Fibich {,} Arieh Gavious {,} Oded Lowengart} 
  title   = {Optimal Price Promotion in the Presence of Asymmetric Reference-Price Effects},
  journal = {Managerial and Decision Economics},
  year    = 2007,
  number  = 6,
  pages   = {569-577},
  month   = 9,
  volume  = 28
}

@article{ahn,
  author  = {Hyun-soo Ahn {,} Mehmet Gumus {,} Philip Kaminsky}, 
  title   = {Pricing and Manufacturing Decisions When Demand Is a Function of Prices in Multiple Periods},
  journal = {Operations Research},
  year    = 2007,
  number  = 6,
  pages   = {1039-1057},
  month   = 11,
  volume  = 55
}


@article{agrawal,
  author  = {Deepak Agrawal}, 
  title   = {Effect of Brand Loyalty on Advertising and Trade Promotions: A Game Theoretic Analysis with Empirical Evidence},
  journal = {Marketing Science},
  year    = 1996,
  number  = 1,
  pages   = {86-108},
  volume  = 15
}


@article{Gonul,
  author  = {Fusun Gonul and Kannan Srinivasan}, 
  title   = {Estimating the Impact of Consumer Expectations of Coupons on Purchase Behavior: A Dynamic Structural Model},
  journal = {Marketing Science},
  year    = 1996,
  number  = 3,
  pages   = {262-279},
  volume  = 15
}